<record><leader>00000cas a22000007a 4500</leader><controlfield tag="001">21245386</controlfield><controlfield tag="008">900320d18931uuulauwr ne      0    0eng d</controlfield><datafield ind1=" " ind2=" " tag="010"><subfield code="a">sn 90056029 </subfield></datafield><datafield ind1=" " ind2=" " tag="040"><subfield code="a">LNP</subfield><subfield code="b">eng</subfield><subfield code="c">LNP</subfield><subfield code="d">OCL</subfield><subfield code="d">OCLCQ</subfield></datafield><datafield ind1="0" ind2=" " tag="041"><subfield code="a">eng</subfield><subfield code="a">fre</subfield></datafield><datafield ind1=" " ind2=" " tag="042"><subfield code="a">msc</subfield></datafield><datafield ind1="0" ind2=" " tag="130"><subfield code="a">New Orleans herald (New Orleans, La. : 1893)</subfield></datafield><datafield ind1="1" ind2="4" tag="245"><subfield code="a">The New Orleans herald.</subfield></datafield><datafield ind1=" " ind2=" " tag="260"><subfield code="a">New Orleans, La. :</subfield><subfield code="b">Chas. Reviere</subfield></datafield><datafield ind1=" " ind2=" " tag="300"><subfield code="a">volumes</subfield></datafield><datafield ind1=" " ind2=" " tag="310"><subfield code="a">Weekly</subfield></datafield><datafield ind1=" " ind2=" " tag="336"><subfield code="a">text</subfield><subfield code="b">txt</subfield><subfield code="2">rdacontent</subfield></datafield><datafield ind1=" " ind2=" " tag="337"><subfield code="a">unmediated</subfield><subfield code="b">n</subfield><subfield code="2">rdamedia</subfield></datafield><datafield ind1=" " ind2=" " tag="338"><subfield code="a">volume</subfield><subfield code="b">nc</subfield><subfield code="2">rdacarrier</subfield></datafield><datafield ind1="1" ind2=" " tag="362"><subfield code="a">Began in 1893?</subfield></datafield><datafield ind1=" " ind2=" " tag="546"><subfield code="a">In English and French.</subfield></datafield><datafield ind1=" " ind2=" " tag="588"><subfield code="a">Description based on: New ser., v. 1, no. 20 (Dec. 30, 1893).</subfield></datafield><datafield ind1=" " ind2=" " tag="752"><subfield code="a">United States</subfield><subfield code="b">Louisiana</subfield><subfield code="c">Orleans</subfield><subfield code="d">New Orleans.</subfield></datafield></record>